<?xml version="1.0" encoding="UTF-8"?><record xmlns="http://www.loc.gov/MARC21/slim" xmlns:cinclude="http://apache.org/cocoon/include/1.0" xmlns:zs="http://www.loc.gov/zing/srw/">
  <leader>00369nz  a2200133n  4500</leader>
  <controlfield tag="001">nr 97020428 </controlfield>
  <controlfield tag="003">DLC</controlfield>
  <controlfield tag="005">19970617051601.2</controlfield>
  <controlfield tag="008">970604n| acannaab|          |a ana     c</controlfield>
  <datafield tag="010" ind1=" " ind2=" ">
    <subfield code="a">nr 97020428 </subfield>
  </datafield>
  <datafield tag="040" ind1=" " ind2=" ">
    <subfield code="a">NNWhit</subfield>
    <subfield code="c">NNWhit</subfield>
  </datafield>
  <datafield tag="110" ind1="2" ind2="0">
    <subfield code="a">A. Gattlen-Galerie</subfield>
  </datafield>
  <datafield tag="410" ind1="2" ind2="0">
    <subfield code="a">Gattlen-Galerie</subfield>
  </datafield>
  <datafield tag="670" ind1=" " ind2=" ">
    <subfield code="a">Erich F. Reuter, 1966:</subfield>
    <subfield code="b">p. preceding t.p. (A. Gattlen-Galerie; Lausanne; GG)</subfield>
  </datafield>
</record>